@misc{Python,
  author = {Python Software Foundation},
  title = {Python 3.11.1 documentation},
  year = {2001-2022},
  howpublished = "\url{https://docs.python.org/3/}",
}

@misc{Poetry,
  author = {Sébastien Eustace and Open Source},
  title = {Poetry Documentation},
  year = {2018-2022},
  howpublished = "\url{https://python-poetry.org/docs/}",
}

@misc{Pygame,
  author = {Raphael Holzer},
  title = {Pygame documentation},
  year = {2019},
  howpublished = "\url{https://pygame.readthedocs.io/en/latest/index.html}",
}

@book{book:2211323,
  title = {The Tower of Hanoi - Myths and Maths},
  author = {Andreas M. Hinz, Sandi Klavžar, Ciril Petr},
  publisher = {Birkhäuser},
  isbn = {978-3-319-73779-9},
  year = {2018},
}

@book{book:73336,
  title = {Selected topics in mathematics},
  author = {Edward L Spitznagel},
  publisher = {Holt, Rinehart and Winston},
  isbn = {0030846935,9780030846939},
  year = {1971},
}

@book{book:781890,
  title = {Famous Puzzles of Great Mathematicians },
  author = {Miodrag S. Petkovic},
  publisher = {American Mathematical Society},
  isbn = {0821848143,9780821848142},
  year = {2009},
}

@book{book:2584808,
  title = {Паттерны объектно-ориентированного проектирования},
  author = {Эрих Гамма, Ричард Хелм, Ральф Джонсон, Джон Влиссидес},
  publisher = {Питер},
  isbn = {9785446115952},
  year = {2020},
  series = {Библиотека программиста},
}
